<?xml version="1.0" encoding="UTF-8"?><collection xmlns="http://www.loc.gov/MARC21/slim"><record><leader>00465nam--2200157-i-4500</leader><controlfield tag="001">000018255</controlfield><controlfield tag="002">20161230</controlfield><controlfield tag="005">20170121213200</controlfield><controlfield tag="008">060222s1000------------r-----000-0-eng-d</controlfield><datafield ind1=" " ind2=" " tag="100"><subfield code="a">Forkman, Bengt</subfield></datafield><datafield ind1=" " ind2=" " tag="245"><subfield code="a">The ratio of deuterons to protons in photonuclear reactions determinated by the method of grain-counting</subfield></datafield><datafield ind1=" " ind2=" " tag="260"><subfield code="a">Stockholm</subfield><subfield code="b">Almqvist &amp; Wiksell</subfield><subfield code="c">1956</subfield></datafield><datafield ind1=" " ind2=" " tag="300"><subfield code="a">10 p</subfield></datafield><datafield ind1=" " ind2=" " tag="490"><subfield code="a">Arkiv For Fysik</subfield></datafield><datafield ind1=" " ind2=" " tag="852"><subfield code="a">6219</subfield></datafield><datafield ind1=" " ind2=" " tag="CAT"><subfield code="a">SYS</subfield><subfield code="c">20170121</subfield><subfield code="h">213200</subfield></datafield></record></collection>